%% This BibTeX bibliography file was created using BibDesk.
%% https://bibdesk.sourceforge.io/

%% Created for Dan Yurovsky at 2021-08-02 12:02:13 -0400 


%% Saved with string encoding Unicode (UTF-8) 



@article{shannon1948,
	author = {Shannon, Claude Elwood},
	date-added = {2021-08-02 12:01:51 -0400},
	date-modified = {2021-08-02 12:01:51 -0400},
	journal = {Bell system technical journal},
	number = {3},
	pages = {379--423},
	publisher = {Wiley Online Library},
	title = {A mathematical theory of communication},
	volume = {27},
	year = {1948}}

@book{austin1975,
	author = {Austin, John Langshaw},
	date-added = {2021-08-02 12:01:45 -0400},
	date-modified = {2021-08-02 12:01:45 -0400},
	publisher = {Oxford university press},
	title = {How to do things with words},
	year = {1975}}
