%% This BibTeX bibliography file was created using BibDesk.
%% https://bibdesk.sourceforge.io/

%% Created for Dan Yurovsky at 2021-08-05 16:05:18 -0400 


%% Saved with string encoding Unicode (UTF-8) 



@article{van-son2005,
	author = {Van Son, Rob JJH and Van Santen, Jan PH},
	date-added = {2021-08-05 16:05:18 -0400},
	date-modified = {2021-08-05 16:05:18 -0400},
	journal = {Speech Communication},
	number = {1-2},
	pages = {100--123},
	publisher = {Elsevier},
	title = {Duration and spectral balance of intervocalic consonants: A case for efficient communication},
	volume = {47},
	year = {2005}}

@article{jaeger2010,
	author = {Jaeger, T Florian},
	date-added = {2021-08-05 16:04:37 -0400},
	date-modified = {2021-08-05 16:04:37 -0400},
	journal = {Cognitive psychology},
	number = {1},
	pages = {23--62},
	publisher = {Elsevier},
	title = {Redundancy and reduction: Speakers manage syntactic information density},
	volume = {61},
	year = {2010}}

@article{levy2007,
	author = {Levy, Roger and Jaeger, T Florian},
	date-added = {2021-08-05 15:59:06 -0400},
	date-modified = {2021-08-05 15:59:07 -0400},
	journal = {Advances in neural information processing systems},
	pages = {849},
	publisher = {MIT; 1998},
	title = {Speakers optimize information density through syntactic reduction},
	volume = {19},
	year = {2007}}

@article{maddieson2015,
	author = {Maddieson, Ian and Coup{\'e}, Christophe},
	date-added = {2021-08-05 15:54:25 -0400},
	date-modified = {2021-08-05 15:54:25 -0400},
	journal = {The Journal of the Acoustical Society of America},
	number = {3},
	pages = {1838--1838},
	publisher = {Acoustical Society of America},
	title = {Human spoken language diversity and the acoustic adaptation hypothesis},
	volume = {138},
	year = {2015}}

@article{lupyan2010,
	author = {Lupyan, Gary and Dale, Rick},
	date-added = {2021-08-05 15:51:06 -0400},
	date-modified = {2021-08-05 15:51:07 -0400},
	journal = {PloS one},
	number = {1},
	pages = {e8559},
	publisher = {Public Library of Science San Francisco, USA},
	title = {Language structure is partly determined by social structure},
	volume = {5},
	year = {2010}}

@inproceedings{attardi2010,
	author = {Attardi, Giuseppe and Dei Rossi, Stefano and Simi, Maria},
	booktitle = {Proc. of Workshop on Web Services and Processing Pipelines in HLT, co-located LREC},
	date-added = {2021-08-05 08:53:31 -0400},
	date-modified = {2021-08-05 08:53:32 -0400},
	organization = {Citeseer},
	title = {The tanl pipeline},
	year = {2010}}

@article{team2013,
	author = {Team, R Core and others},
	date-added = {2021-08-03 08:19:51 -0400},
	date-modified = {2021-08-03 08:19:51 -0400},
	publisher = {Vienna, Austria},
	title = {R: A language and environment for statistical computing},
	year = {2013}}

@article{ross2014,
	author = {Ross, Brian C},
	date-added = {2021-08-03 08:19:40 -0400},
	date-modified = {2021-08-03 08:19:40 -0400},
	journal = {PloS one},
	number = {2},
	publisher = {Public Library of Science},
	title = {Mutual information between discrete and continuous data sets},
	volume = {9},
	year = {2014}}

@article{audigier2017,
	author = {Audigier, Vincent and Husson, Fran{\c{c}}ois and Josse, Julie},
	date-added = {2021-08-03 08:18:30 -0400},
	date-modified = {2021-08-03 08:18:30 -0400},
	journal = {Statistics and computing},
	number = {2},
	pages = {501--518},
	publisher = {Springer},
	title = {MIMCA: multiple imputation for categorical variables with multiple correspondence analysis},
	volume = {27},
	year = {2017}}

@book{wals,
	address = {Leipzig},
	date-added = {2021-08-03 08:18:11 -0400},
	date-modified = {2021-08-03 08:18:11 -0400},
	editor = {Matthew S. Dryer and Martin Haspelmath},
	publisher = {Max Planck Institute for Evolutionary Anthropology},
	title = {WALS Online},
	url = {https://wals.info/},
	year = {2013},
	Bdsk-Url-1 = {https://wals.info/}}

@article{holman2008,
	author = {Holman, Eric W and Wichmann, S{\o}ren and Brown, Cecil H and Velupillai, Viveka and M{\"u}ller, Andr{\'e} and Bakker, Dik and others},
	date-added = {2021-08-03 08:18:03 -0400},
	date-modified = {2021-08-03 08:18:03 -0400},
	journal = {Quantitative investigations in theoretical linguistics},
	pages = {40--43},
	title = {Advances in automated language classification},
	year = {2008}}

@article{wichmann2016,
	author = {Wichmann, S{\o}ren and M{\"u}ller, Andr{\'e} and Wett, Annkathrin and Velupillai, Viveka and Bischoffberger, Julia and Brown, Cecil H and Holman, Eric W and Sauppe, Sebastian and Molochieva, Zarina and Brown, Pamela and others},
	date-added = {2021-08-03 08:17:58 -0400},
	date-modified = {2021-08-03 08:17:58 -0400},
	journal = {Max Planck Institute for the Science of Human History, Jena},
	title = {The ASJP database},
	year = {2016}}

@article{swadesh1955,
	author = {Swadesh, Morris},
	date-added = {2021-08-03 08:17:52 -0400},
	date-modified = {2021-08-03 08:17:52 -0400},
	journal = {International journal of American linguistics},
	number = {2},
	pages = {121--137},
	publisher = {Indiana University},
	title = {Towards greater accuracy in lexicostatistic dating},
	volume = {21},
	year = {1955}}

@article{marcus1993,
	author = {Marcus, Mitch and Santorini, Beatrice and Marcinkiewicz, Mary Ann},
	date-added = {2021-08-02 12:52:44 -0400},
	date-modified = {2021-08-02 12:52:44 -0400},
	journal = {Computational Linguistics},
	number = {2},
	pages = {313--330},
	title = {Building a Large Annotated Corpus of English: The Penn Treebank},
	volume = {19},
	year = {1993}}

@article{moon1996,
	author = {Moon, Todd K},
	date-added = {2021-08-02 12:52:37 -0400},
	date-modified = {2021-08-02 12:52:37 -0400},
	journal = {IEEE Signal processing magazine},
	number = {6},
	pages = {47--60},
	publisher = {IEEE},
	title = {The expectation-maximization algorithm},
	volume = {13},
	year = {1996}}

@misc{tavenard2017,
	author = {Romain Tavenard and Johann Faouzi and Gilles Vandewiele and Felix Divo and Guillaume Androz and Chester Holtz and Marie Payne and Roman Yurchak and Marc Ru{\ss}wurm and Kushal Kolar and Eli Woods},
	date-added = {2021-08-02 12:52:15 -0400},
	date-modified = {2021-08-02 12:52:16 -0400},
	note = {\url{https://github.com/rtavenar/tslearn}},
	title = {tslearn: A machine learning toolkit dedicated to time-series data},
	year = {2017}}

@article{leech1992,
	author = {Leech, Geoffrey Neil},
	date-added = {2021-08-02 12:52:11 -0400},
	date-modified = {2021-08-02 12:52:11 -0400},
	title = {100 million words of English: the British National Corpus (BNC)},
	year = {1992}}

@article{christiansen2016,
	author = {Christiansen, Morten H and Chater, Nick},
	date-added = {2021-08-02 12:51:12 -0400},
	date-modified = {2021-08-02 12:51:12 -0400},
	journal = {Behavioral and brain sciences},
	publisher = {Cambridge University Press},
	title = {The now-or-never bottleneck: A fundamental constraint on language},
	volume = {39},
	year = {2016}}

@article{du-bois2000,
	author = {Du Bois, John W and Chafe, Wallace L and Meyer, Charles and Thompson, Sandra A and Martey, Nii},
	date-added = {2021-08-02 12:50:49 -0400},
	date-modified = {2021-08-02 12:50:55 -0400},
	journal = {CD-ROM. Philadelphia: Linguistic Data Consortium},
	title = {Santa barbara corpus of spoken american english},
	year = {2000}}

@book{clark2009,
	author = {Clark, Eve V},
	date-added = {2021-08-02 12:50:42 -0400},
	date-modified = {2021-08-02 12:50:42 -0400},
	publisher = {Cambridge University Press},
	title = {First language acquisition},
	year = {2009}}

@article{snow1972,
	author = {Snow, Catherine E},
	date-added = {2021-08-02 12:50:40 -0400},
	date-modified = {2021-08-02 12:50:40 -0400},
	journal = {Child development},
	pages = {549--565},
	publisher = {JSTOR},
	title = {Mothers' speech to children learning language},
	year = {1972}}

@article{sanchez2019,
	author = {Sanchez, Alessandro and Meylan, Stephan C and Braginsky, Mika and MacDonald, Kyle E and Yurovsky, Daniel and Frank, Michael C},
	date-added = {2021-08-02 12:50:35 -0400},
	date-modified = {2021-08-02 12:50:35 -0400},
	journal = {Behavior research methods},
	number = {4},
	pages = {1928--1941},
	publisher = {Springer},
	title = {childes-db: a flexible and reproducible interface to the Child Language Data Exchange System},
	volume = {51},
	year = {2019}}

@book{macwhinney2000,
	author = {MacWhinney, Brian},
	date-added = {2021-08-02 12:50:33 -0400},
	date-modified = {2021-08-02 12:50:33 -0400},
	publisher = {Psychology Press},
	title = {The CHILDES project: The database},
	volume = {2},
	year = {2000}}

@article{petitjean2011,
	author = {Petitjean, Fran{\c{c}}ois and Ketterlin, Alain and Gan{\c{c}}arski, Pierre},
	date-added = {2021-08-02 12:41:01 -0400},
	date-modified = {2021-08-02 12:41:01 -0400},
	journal = {Pattern Recognition},
	number = {3},
	pages = {678--693},
	publisher = {Elsevier},
	title = {A global averaging method for dynamic time warping, with applications to clustering},
	volume = {44},
	year = {2011}}

@article{chen1999,
	author = {Chen, Stanley F and Goodman, Joshua},
	date-added = {2021-08-02 12:16:11 -0400},
	date-modified = {2021-08-02 12:16:15 -0400},
	journal = {Computer Speech \& Language},
	number = {4},
	pages = {359--394},
	publisher = {Elsevier},
	title = {An empirical study of smoothing techniques for language modeling},
	volume = {13},
	year = {1999}}

@inproceedings{heafield2013,
	author = {Heafield, Kenneth and Pouzyrevsky, Ivan and Clark, Jonathan H and Koehn, Philipp},
	booktitle = {Proceedings of the 51st Annual Meeting of the Association for Computational Linguistics (Volume 2: Short Papers)},
	date-added = {2021-08-02 12:16:03 -0400},
	date-modified = {2021-08-02 12:16:04 -0400},
	pages = {690--696},
	title = {Scalable modified Kneser-Ney language model estimation},
	year = {2013}}

@article{frank2015,
	author = {Frank, Stefan L and Otten, Leun J and Galli, Giulia and Vigliocco, Gabriella},
	date-added = {2021-08-02 12:13:15 -0400},
	date-modified = {2021-08-02 12:13:15 -0400},
	journal = {Brain and language},
	pages = {1--11},
	publisher = {Elsevier},
	title = {The ERP response to the amount of information conveyed by words in sentences},
	volume = {140},
	year = {2015}}

@article{smith2013,
	author = {Smith, Nathaniel J and Levy, Roger},
	date-added = {2021-08-02 12:13:12 -0400},
	date-modified = {2021-08-02 12:13:12 -0400},
	journal = {Cognition},
	number = {3},
	pages = {302--319},
	publisher = {Elsevier},
	title = {The effect of word predictability on reading time is logarithmic},
	volume = {128},
	year = {2013}}

@article{levy2008,
	author = {Levy, Roger},
	date-added = {2021-08-02 12:12:40 -0400},
	date-modified = {2021-08-02 12:12:40 -0400},
	journal = {Cognition},
	number = {3},
	pages = {1126--1177},
	publisher = {Elsevier},
	title = {Expectation-based syntactic comprehension},
	volume = {106},
	year = {2008}}

@article{yu2016,
	author = {Yu, Shuiyuan and Cong, Jin and Liang, Junying and Liu, Haitao},
	date-added = {2021-08-02 12:09:15 -0400},
	date-modified = {2021-08-02 12:09:15 -0400},
	journal = {arXiv preprint arXiv:1609.07681},
	title = {The distribution of information content in English sentences},
	year = {2016}}

@article{kirby2015,
	author = {Kirby, Simon and Tamariz, Monica and Cornish, Hannah and Smith, Kenny},
	date-added = {2021-08-02 12:08:46 -0400},
	date-modified = {2021-08-02 12:08:47 -0400},
	journal = {Cognition},
	pages = {87--102},
	publisher = {Elsevier},
	title = {Compression and communication in the cultural evolution of linguistic structure},
	volume = {141},
	year = {2015}}

@article{perfors2014,
	author = {Perfors, Amy and Navarro, Daniel J},
	date-added = {2021-08-02 12:08:38 -0400},
	date-modified = {2021-08-02 12:08:39 -0400},
	journal = {Cognitive science},
	number = {4},
	pages = {775--793},
	publisher = {Wiley Online Library},
	title = {Language evolution can be shaped by the structure of the world},
	volume = {38},
	year = {2014}}

@article{kemp2012,
	author = {Kemp, Charles and Regier, Terry},
	date-added = {2021-08-02 12:08:23 -0400},
	date-modified = {2021-08-02 12:08:31 -0400},
	journal = {Science},
	number = {6084},
	pages = {1049--1054},
	publisher = {American Association for the Advancement of Science},
	title = {Kinship categories across languages reflect general communicative principles},
	volume = {336},
	year = {2012}}

@inproceedings{frank2008,
	author = {Frank, Austin F and Jaeger, T Florain},
	booktitle = {Proceedings of the Annual Meeting of the Cognitive Science Society},
	date-added = {2021-08-02 12:07:44 -0400},
	date-modified = {2021-08-02 12:07:44 -0400},
	number = {30},
	title = {Speaking rationally: Uniform information density as an optimal strategy for language production},
	volume = {30},
	year = {2008}}

@inproceedings{jaeger2007,
	author = {Jaeger, T Florian and Levy, Roger P},
	booktitle = {Advances in neural information processing systems},
	date-added = {2021-08-02 12:07:39 -0400},
	date-modified = {2021-08-02 12:07:39 -0400},
	pages = {849--856},
	title = {Speakers optimize information density through syntactic reduction},
	year = {2007}}

@article{piantadosi2011,
	author = {Piantadosi, Steven T and Tily, Harry and Gibson, Edward},
	date-added = {2021-08-02 12:07:36 -0400},
	date-modified = {2021-08-02 12:07:36 -0400},
	journal = {Proceedings of the National Academy of Sciences},
	number = {9},
	pages = {3526--3529},
	publisher = {National Acad Sciences},
	title = {Word lengths are optimized for efficient communication},
	volume = {108},
	year = {2011}}

@article{mahowald2013,
	author = {Mahowald, Kyle and Fedorenko, Evelina and Piantadosi, Steven T and Gibson, Edward},
	date-added = {2021-08-02 12:07:22 -0400},
	date-modified = {2021-08-02 12:07:22 -0400},
	journal = {Cognition},
	number = {2},
	pages = {313--318},
	publisher = {Elsevier},
	title = {Info/information theory: Speakers choose shorter words in predictive contexts},
	volume = {126},
	year = {2013}}

@inproceedings{genzel2002,
	author = {Genzel, Dmitriy and Charniak, Eugene},
	booktitle = {Proceedings of the 40th annual meeting of the Association for Computational Linguistics},
	date-added = {2021-08-02 12:06:47 -0400},
	date-modified = {2021-08-02 12:06:47 -0400},
	pages = {199--206},
	title = {Entropy rate constancy in text},
	year = {2002}}

@article{aylett2004,
	author = {Aylett, Matthew and Turk, Alice},
	date-added = {2021-08-02 12:06:44 -0400},
	date-modified = {2021-08-02 12:06:44 -0400},
	journal = {Language and speech},
	number = {1},
	pages = {31--56},
	publisher = {SAGE Publications Sage UK: London, England},
	title = {The smooth signal redundancy hypothesis: A functional explanation for relationships between redundancy, prosodic prominence, and duration in spontaneous speech},
	volume = {47},
	year = {2004}}

@article{pickering2013,
	author = {Pickering, Martin J and Garrod, Simon},
	date-added = {2021-08-02 12:06:41 -0400},
	date-modified = {2021-08-02 12:06:41 -0400},
	journal = {Behavioral and brain sciences},
	number = {4},
	pages = {329--347},
	publisher = {Cambridge University Press},
	title = {An integrated theory of language production and comprehension},
	volume = {36},
	year = {2013}}

@article{tanenhaus1995,
	author = {Tanenhaus, Michael K and Spivey-Knowlton, Michael J and Eberhard, Kathleen M and Sedivy, Julie C},
	date-added = {2021-08-02 12:06:35 -0400},
	date-modified = {2021-08-02 12:06:35 -0400},
	journal = {Science},
	number = {5217},
	pages = {1632--1634},
	publisher = {American Association for the Advancement of Science},
	title = {Integration of visual and linguistic information in spoken language comprehension},
	volume = {268},
	year = {1995}}

@article{kutas2011,
	author = {Kutas, Marta and Federmeier, Kara D},
	date-added = {2021-08-02 12:06:26 -0400},
	date-modified = {2021-08-02 12:06:26 -0400},
	journal = {Annual review of psychology},
	pages = {621--647},
	publisher = {Annual Reviews},
	title = {Thirty years and counting: finding meaning in the N400 component of the event-related brain potential (ERP)},
	volume = {62},
	year = {2011}}

@article{anderson1989,
	author = {Anderson, John R and Milson, Robert},
	date-added = {2021-08-02 12:05:20 -0400},
	date-modified = {2021-08-02 12:05:20 -0400},
	journal = {Psychological Review},
	number = {4},
	pages = {703},
	publisher = {American Psychological Association},
	title = {Human memory: An adaptive perspective.},
	volume = {96},
	year = {1989}}

@book{austin1975,
	author = {Austin, John Langshaw},
	date-added = {2021-08-02 12:04:24 -0400},
	date-modified = {2021-08-02 12:04:24 -0400},
	publisher = {Oxford university press},
	title = {How to do things with words},
	year = {1975}}

@article{shannon1948,
	author = {Shannon, Claude Elwood},
	date-added = {2021-08-02 12:04:21 -0400},
	date-modified = {2021-08-02 12:04:21 -0400},
	journal = {Bell system technical journal},
	number = {3},
	pages = {379--423},
	publisher = {Wiley Online Library},
	title = {A mathematical theory of communication},
	volume = {27},
	year = {1948}}
