@article{Garnier2007,
author = {Garnier, Simon and Gautrais, Jacques and Theraulaz, Guy},
doi = {10.1007/s11721-007-0004-y},
file = {:Users/simongarnier/Work/bibliography/Mendeley/Swarm Intelligence/2007/Garnier, Gautrais, Theraulaz - 2007.pdf:pdf},
issn = {1935-3812},
journal = {Swarm Intelligence},
keywords = {self organization collective,self-organization collective,social insects,stigmergy,swarm intelligence},
mendeley-tags = {swarm intelligence},
month = jul,
number = {1},
pages = {3--31},
title = {{The biological principles of swarm intelligence}},
url = {http://www.springerlink.com/index/10.1007/s11721-007-0004-y},
volume = {1},
year = {2007}
}


@InProceedings{ChalnickBillman1988a,
  author =	 {A. Chalnick and D. Billman},
  title =	 {Unsupervised learning of correlational structure},
  booktitle =	 {Proceedings of the Tenth Annual Conference of the
                  Cognitive Science Society},
  pages =	 {510--516},
  year =	 1988,
  address =	 {Hillsdale, NJ},
  publisher =	 {Lawrence Erlbaum Associates}
}

@InCollection{Feigenbaum1963a,
  author =	 {E. A. Feigenbaum},
  title =	 {The simulation of verbal learning behavior},
  booktitle =	 {Computers and thought},
  publisher =	 {McGraw-Hill},
  year =	 1963,
  editor =	 {E. A. Feigenbaum and J. Feldman},
  address =	 {New York}
}

@Article{Hill1983a,
  author =	 {J. A. C. Hill},
  title =	 {A computational model of language acquisition in the
                  two-year old},
  journal =	 {Cognition and Brain Theory},
  year =	 1983,
  volume =	 6,
  pages =	 {287--317}
}

@TechReport{OhlssonLangley1985a,
  author =	 {S. Ohlsson and P. Langley},
  title =	 {Identifying solution paths in cognitive diagnosis},
  institution =	 {Carnegie Mellon University, The Robotics Institute},
  year =	 1985,
  address =	 {Pittsburgh, PA},
  number =	 {CMU-RI-TR-85-2}
}

@PhdThesis{Lewis1978a,
  author =	 {C. Lewis},
  title =	 {Production system models of practice effects},
  school =	 {Department of Psychology, University of Michigan,
                  Ann Arbor},
  year =	 1978,
  type =	 {Doctoral dissertation}
}

@Book{NewellSimon1972a,
  author =	 {A. Newell and H. A. Simon},
  title =	 {Human problem solving},
  publisher =	 {Prentice-Hall},
  year =	 1972,
  address =	 {Englewood Cliffs, NJ}
}

@Book{ShragerLangley1990a,
  editor =	 {J. Shrager and P. Langley},
  title =	 {Computational models of scientific discovery and
                  theory formation},
  publisher =	 {Morgan Kaufmann},
  year =	 1990,
  address =	 {San Mateo, CA}
}

@article{sakoe1978,
  title={Dynamic programming algorithm optimization for spoken word recognition},
  author={Sakoe, Hiroaki and Chiba, Seibi},
  journal={IEEE transactions on acoustics, speech, and signal processing},
  volume={26},
  number={1},
  pages={43--49},
  year={1978},
  publisher={IEEE}
}

@article{petitjean2011,
  title={A global averaging method for dynamic time warping, with applications to clustering},
  author={Petitjean, Fran{\c{c}}ois and Ketterlin, Alain and Gan{\c{c}}arski, Pierre},
  journal={Pattern Recognition},
  volume={44},
  number={3},
  pages={678--693},
  year={2011},
  publisher={Elsevier}
}

@inproceedings{jaeger2007,
  title={Speakers optimize information density through syntactic reduction},
  author={Jaeger, T Florian and Levy, Roger P},
  booktitle={Advances in neural information processing systems},
  pages={849--856},
  year={2007}
}

@article{piantadosi2011,
  title={Word lengths are optimized for efficient communication},
  author={Piantadosi, Steven T and Tily, Harry and Gibson, Edward},
  journal={Proceedings of the National Academy of Sciences},
  volume={108},
  number={9},
  pages={3526--3529},
  year={2011},
  publisher={National Acad Sciences}
}