%% This BibTeX bibliography file was created using BibDesk.
%% https://bibdesk.sourceforge.io/

%% Created for Dan Yurovsky at 2019-09-24 10:50:14 -0400 


%% Saved with string encoding Unicode (UTF-8) 



@article{pickering2013,
	Author = {Pickering, Martin J and Garrod, Simon},
	Date-Added = {2019-09-24 10:44:35 -0400},
	Date-Modified = {2019-09-24 10:44:35 -0400},
	Journal = {Behavioral and brain sciences},
	Number = {4},
	Pages = {329--347},
	Publisher = {Cambridge University Press},
	Title = {An integrated theory of language production and comprehension},
	Volume = {36},
	Year = {2013}}

@article{tanenhaus1995,
	Author = {Tanenhaus, Michael K and Spivey-Knowlton, Michael J and Eberhard, Kathleen M and Sedivy, Julie C},
	Date-Added = {2019-09-24 10:41:32 -0400},
	Date-Modified = {2019-09-24 10:41:32 -0400},
	Journal = {Science},
	Number = {5217},
	Pages = {1632--1634},
	Publisher = {American Association for the Advancement of Science},
	Title = {Integration of visual and linguistic information in spoken language comprehension},
	Volume = {268},
	Year = {1995}}

@article{anderson1989,
	Author = {Anderson, John R and Milson, Robert},
	Date-Added = {2019-09-24 10:13:51 -0400},
	Date-Modified = {2019-09-24 10:13:51 -0400},
	Journal = {Psychological Review},
	Number = {4},
	Pages = {703},
	Publisher = {American Psychological Association},
	Title = {Human memory: An adaptive perspective.},
	Volume = {96},
	Year = {1989}}

@book{austin1975,
	Author = {Austin, John Langshaw},
	Date-Added = {2019-09-24 09:53:00 -0400},
	Date-Modified = {2019-09-24 09:53:00 -0400},
	Publisher = {Oxford university press},
	Title = {How to do things with words},
	Year = {1975}}

@article{shannon1948,
	Author = {Shannon, Claude Elwood},
	Date-Modified = {2019-09-19 14:55:17 -0400},
	Journal = {Bell system technical journal},
	Number = {3},
	Pages = {379--423},
	Publisher = {Wiley Online Library},
	Title = {A mathematical theory of communication},
	Volume = {27},
	Year = {1948}}

@inproceedings{genzel2002,
	Author = {Genzel, Dmitriy and Charniak, Eugene},
	Booktitle = {Proceedings of the 40th annual meeting of the Association for Computational Linguistics},
	Date-Modified = {2019-09-19 14:55:17 -0400},
	Pages = {199--206},
	Title = {Entropy rate constancy in text},
	Year = {2002}}

@article{piantadosi2011,
	Author = {Piantadosi, Steven T and Tily, Harry and Gibson, Edward},
	Date-Modified = {2019-09-19 14:55:17 -0400},
	Journal = {Proceedings of the National Academy of Sciences},
	Number = {9},
	Pages = {3526--3529},
	Publisher = {National Acad Sciences},
	Title = {Word lengths are optimized for efficient communication},
	Volume = {108},
	Year = {2011}}

@inproceedings{jaeger2007,
	Author = {Jaeger, T Florian and Levy, Roger P},
	Booktitle = {Advances in neural information processing systems},
	Date-Modified = {2019-09-19 14:55:17 -0400},
	Pages = {849--856},
	Title = {Speakers optimize information density through syntactic reduction},
	Year = {2007}}

@article{levy2008,
	Author = {Levy, Roger},
	Date-Modified = {2019-09-19 14:55:17 -0400},
	Journal = {Cognition},
	Number = {3},
	Pages = {1126--1177},
	Publisher = {Elsevier},
	Title = {Expectation-based syntactic comprehension},
	Volume = {106},
	Year = {2008}}

@article{zipf1949,
	Author = {Zipf, George Kingsley},
	Date-Modified = {2019-09-19 14:55:17 -0400},
	Publisher = {addison-wesley press},
	Title = {Human behavior and the principle of least effort.},
	Year = {1949}}

@article{aylett2004,
	Author = {Aylett, Matthew and Turk, Alice},
	Date-Modified = {2019-09-19 14:55:17 -0400},
	Journal = {Language and speech},
	Number = {1},
	Pages = {31--56},
	Publisher = {SAGE Publications Sage UK: London, England},
	Title = {The smooth signal redundancy hypothesis: A functional explanation for relationships between redundancy, prosodic prominence, and duration in spontaneous speech},
	Volume = {47},
	Year = {2004}}

@article{smith2013,
	Author = {Smith, Nathaniel J and Levy, Roger},
	Date-Modified = {2019-09-19 14:55:17 -0400},
	Journal = {Cognition},
	Number = {3},
	Pages = {302--319},
	Publisher = {Elsevier},
	Title = {The effect of word predictability on reading time is logarithmic},
	Volume = {128},
	Year = {2013}}

@book{macwhinney2000,
	Author = {MacWhinney, Brian},
	Date-Modified = {2019-09-19 14:55:17 -0400},
	Publisher = {Psychology Press},
	Title = {The CHILDES project: The database},
	Volume = {2},
	Year = {2000}}

@article{evans2012,
	Author = {Evans, Karen E and Demuth, Katherine},
	Date-Modified = {2019-09-19 14:55:17 -0400},
	Journal = {Journal of child language},
	Number = {1},
	Pages = {162--191},
	Publisher = {Cambridge University Press},
	Title = {Individual differences in pronoun reversal: Evidence from two longitudinal case studies},
	Volume = {39},
	Year = {2012}}

@article{leech1992,
	Author = {Leech, Geoffrey Neil},
	Date-Modified = {2019-09-19 14:55:17 -0400},
	Publisher = {서울대학교 언어교육원},
	Title = {100 million words of English: the British National Corpus (BNC)},
	Year = {1992}}

@article{wagner1985,
	Author = {Wagner, Klaus R},
	Date-Modified = {2019-09-19 14:55:17 -0400},
	Journal = {Journal of Child Language},
	Number = {2},
	Pages = {475--487},
	Publisher = {Cambridge University Press},
	Title = {How much do children say in a day?},
	Volume = {12},
	Year = {1985}}

@article{shiro1996,
	Author = {de Shiro, Marta Lein},
	Date-Modified = {2019-09-19 14:55:17 -0400},
	Journal = {Bolet{\'\i}n de ling{\"u}{\'\i}stica},
	Number = {10},
	Pages = {43--60},
	Publisher = {Universidad Central de Venezuela},
	Title = {Un estudio de las expresiones de modalidad en hablantes de dos culturas},
	Year = {1996}}

@article{yu2016,
	Author = {Yu, Shuiyuan and Cong, Jin and Liang, Junying and Liu, Haitao},
	Date-Modified = {2019-09-19 14:55:17 -0400},
	Journal = {arXiv preprint arXiv:1609.07681},
	Title = {The distribution of information content in English sentences},
	Year = {2016}}

@article{frank2015,
	Author = {Frank, Stefan L and Otten, Leun J and Galli, Giulia and Vigliocco, Gabriella},
	Date-Modified = {2019-09-19 14:55:17 -0400},
	Journal = {Brain and language},
	Pages = {1--11},
	Publisher = {Elsevier},
	Title = {The ERP response to the amount of information conveyed by words in sentences},
	Volume = {140},
	Year = {2015}}

@phdthesis{palasis2009,
	Author = {Palasis, Katerina},
	Date-Modified = {2019-09-19 14:55:17 -0400},
	School = {Nice},
	Title = {Syntaxe g{\'e}n{\'e}rative et acquisition: le sujet dans le d{\'e}veloppement du syst{\`e}me linguistique du jeune enfant},
	Year = {2009}}

@mastersthesis{li2015,
	Address = {Shanghai, China},
	Author = {Li, Hongmei and Zhou, Jing},
	Date-Modified = {2019-09-19 14:55:17 -0400},
	School = {East China Normal University},
	Title = {Study on Dinner Table Talk of Preschool Children Family in Shanghai},
	Year = 2015}

@article{shirai2001,
	Author = {Shirai, Yasuhiro},
	Date-Modified = {2019-09-19 14:55:17 -0400},
	Journal = {East Asian Language Acquisition},
	Publisher = {Kuroshio},
	Title = {The acquisition of causative morphology in Japanese: A prototype account},
	Year = {2001}}

@book{wals,
	Address = {Leipzig},
	Date-Modified = {2019-09-19 14:58:34 -0400},
	Editor = {Matthew S. Dryer and Martin Haspelmath},
	Publisher = {Max Planck Institute for Evolutionary Anthropology},
	Title = {WALS Online},
	Url = {https://wals.info/},
	Year = {2013},
	Bdsk-Url-1 = {https://wals.info/}}

@article{audigier2017,
	Author = {Audigier, Vincent and Husson, Fran{\c{c}}ois and Josse, Julie},
	Date-Modified = {2019-09-19 14:55:17 -0400},
	Journal = {Statistics and computing},
	Number = {2},
	Pages = {501--518},
	Publisher = {Springer},
	Title = {MIMCA: multiple imputation for categorical variables with multiple correspondence analysis},
	Volume = {27},
	Year = {2017}}

@article{holman2008,
	Author = {Holman, Eric W and Wichmann, S{\o}ren and Brown, Cecil H and Velupillai, Viveka and M{\"u}ller, Andr{\'e} and Bakker, Dik and others},
	Date-Modified = {2019-09-19 14:55:17 -0400},
	Journal = {Quantitative investigations in theoretical linguistics},
	Pages = {40--43},
	Title = {Advances in automated language classification},
	Year = {2008}}

@article{swadesh1955,
	Author = {Swadesh, Morris},
	Date-Modified = {2019-09-19 14:55:17 -0400},
	Journal = {International journal of American linguistics},
	Number = {2},
	Pages = {121--137},
	Publisher = {Indiana University},
	Title = {Towards greater accuracy in lexicostatistic dating},
	Volume = {21},
	Year = {1955}}

@article{wichmann2016,
	Author = {Wichmann, S{\o}ren and M{\"u}ller, Andr{\'e} and Wett, Annkathrin and Velupillai, Viveka and Bischoffberger, Julia and Brown, Cecil H and Holman, Eric W and Sauppe, Sebastian and Molochieva, Zarina and Brown, Pamela and others},
	Date-Modified = {2019-09-19 14:55:17 -0400},
	Journal = {Max Planck Institute for the Science of Human History, Jena},
	Title = {The ASJP database},
	Year = {2016}}

@article{team2013,
	Author = {Team, R Core and others},
	Date-Modified = {2019-09-19 14:55:17 -0400},
	Publisher = {Vienna, Austria},
	Title = {R: A language and environment for statistical computing},
	Year = {2013}}

@article{bates2014,
	Author = {Bates, Douglas and M{\"a}chler, Martin and Bolker, Ben and Walker, Steve},
	Date-Modified = {2019-09-19 14:55:17 -0400},
	Journal = {arXiv preprint arXiv:1406.5823},
	Title = {Fitting linear mixed-effects models using lme4},
	Year = {2014}}

@article{sanchez2019,
	Author = {Sanchez, Alessandro and Meylan, Stephan C and Braginsky, Mika and MacDonald, Kyle E and Yurovsky, Daniel and Frank, Michael C},
	Date-Modified = {2019-09-19 14:55:17 -0400},
	Journal = {Behavior research methods},
	Number = {4},
	Pages = {1928--1941},
	Publisher = {Springer},
	Title = {childes-db: a flexible and reproducible interface to the Child Language Data Exchange System},
	Volume = {51},
	Year = {2019}}

@article{mahowald2013,
	Author = {Mahowald, Kyle and Fedorenko, Evelina and Piantadosi, Steven T and Gibson, Edward},
	Date-Modified = {2019-09-19 14:55:17 -0400},
	Journal = {Cognition},
	Number = {2},
	Pages = {313--318},
	Publisher = {Elsevier},
	Title = {Info/information theory: Speakers choose shorter words in predictive contexts},
	Volume = {126},
	Year = {2013}}

@article{gibson2017,
	Author = {Gibson, Edward and Futrell, Richard and Jara-Ettinger, Julian and Mahowald, Kyle and Bergen, Leon and Ratnasingam, Sivalogeswaran and Gibson, Mitchell and Piantadosi, Steven T and Conway, Bevil R},
	Date-Modified = {2019-09-19 14:55:17 -0400},
	Journal = {Proceedings of the National Academy of Sciences},
	Number = {40},
	Pages = {10785--10790},
	Publisher = {National Acad Sciences},
	Title = {Color naming across languages reflects color use},
	Volume = {114},
	Year = {2017}}

@article{kutas2011,
	Author = {Kutas, Marta and Federmeier, Kara D},
	Date-Modified = {2019-09-19 14:55:17 -0400},
	Journal = {Annual review of psychology},
	Pages = {621--647},
	Publisher = {Annual Reviews},
	Title = {Thirty years and counting: finding meaning in the N400 component of the event-related brain potential (ERP)},
	Volume = {62},
	Year = {2011}}

@article{piantadosi2012,
	Author = {Piantadosi, Steven T and Tily, Harry and Gibson, Edward},
	Date-Modified = {2019-09-19 14:55:17 -0400},
	Journal = {Cognition},
	Number = {3},
	Pages = {280--291},
	Publisher = {Elsevier},
	Title = {The communicative function of ambiguity in language},
	Volume = {122},
	Year = {2012}}

@inproceedings{heafield2013scalable,
  title={Scalable modified Kneser-Ney language model estimation},
  author={Heafield, Kenneth and Pouzyrevsky, Ivan and Clark, Jonathan H and Koehn, Philipp},
  booktitle={Proceedings of the 51st Annual Meeting of the Association for Computational Linguistics (Volume 2: Short Papers)},
  pages={690--696},
  year={2013}}

@article{chen1999empirical,
	title={An empirical study of smoothing techniques for language modeling},
	author={Chen, Stanley F and Goodman, Joshua},
	journal={Computer Speech \& Language},
	volume={13},
	number={4},
	pages={359--394},
	year={1999},
	publisher={Elsevier}}

@inproceedings{frank2008,
  title={Speaking rationally: Uniform information density as an optimal strategy for language production},
  author={Frank, Austin F and Jaeger, T Florain},
  booktitle={Proceedings of the Annual Meeting of the Cognitive Science Society},
  volume={30},
  number={30},
  year={2008}}

@article{kemp2012kinship,
  title={Kinship categories across languages reflect general communicative principles},
  author={Kemp, Charles and Regier, Terry},
  journal={Science},
  volume={336},
  number={6084},
  pages={1049--1054},
  year={2012},
  publisher={American Association for the Advancement of Science}}

@article{perfors2014language,
	title={Language evolution can be shaped by the structure of the world},
	author={Perfors, Amy and Navarro, Daniel J},
	journal={Cognitive science},
	volume={38},
	number={4},
	pages={775--793},
	year={2014},
	publisher={Wiley Online Library}}

@article{kirby2015compression,
  title={Compression and communication in the cultural evolution of linguistic structure},
  author={Kirby, Simon and Tamariz, Monica and Cornish, Hannah and Smith, Kenny},
  journal={Cognition},
  volume={141},
  pages={87--102},
  year={2015},
  publisher={Elsevier}}